 author={Demombynes, Gabriel and Thegeya, Aaron},
  title={{K}enya's mobile revolution and the promise of mobile savings},
  year=2012,
  month=Mar,
  institution={The World Bank},
  type={Policy Research Working Paper Series},
   number={5988},
}

@TechReport{MbitiWeil2011,
  author={Isaac Mbiti and David N. Weil},
  title={Mobile Banking: The Impact of M-Pesa in {K}enya},
  year=2011,
  month=Jun,
  institution={National Bureau of Economic Research, Inc},
  type={NBER Working Papers},
  number={17129},
}

@Article{Jacksuri2014,
  author={William Jack and Tavneet Suri},
  title={Risk Sharing and Transactions Costs: Evidence from {K}enya's Mobile Money Revolution},
  journal={American Economic Review},
  year=2014,
  volume={104},
  number={1},
  pages={183-223},
  month={January},

}

@TechReport{JackSuri2011,
  author={William Jack and Tavneet Suri},
  title={Mobile Money: The Economics of M-PESA},
  year=2011,
  month=Jan,
  institution={National Bureau of Economic Research, Inc},
  type={NBER Working Papers},
 
}

@TechReport{FafchampsBlumenstock2011,
  author={Marcel Fafchamps and Joshua Blumenstock and Nathan Eagle},
  title={Risk and Reciprocity Over the Mobile Phone Network: Evidence from Rwanda},
  year=2011,
  month=Sep,
  institution={University of Oxford},
  type={Economics Series Working Papers},

}

@article{munyegera2014,
  title={Mobile Money, Rural Household Welfare and Remittances: Panel Evidence from {U}ganda},
  author={Munyegera, Ggombe Kasim and Matsumoto, Tomoya},
  year={2014}
}

@article{batista2013,
  title={Introducing Mobile Money in Rural Mozambique: Evidence from a Field Experiment},
  author={Batista, C{\'a}tia and Vicente, Pedro C},
  year={2013},
  publisher={Nova SBE}
}

@article{akerMbiti2010,
  title={Mobile phones and economic development in {A}frica},
  author={Aker, Jenny C and Mbiti, Isaac M},
  journal={The Journal of Economic Perspectives},
  pages={207--232},
  year={2010},
  publisher={JSTOR}
}

@article{Muto2009,
  title={The impact of mobile phone coverage expansion on market participation: Panel data evidence from {U}ganda},
  author={Muto, Megumi and Yamano, Takashi},
  journal={World Development},
  volume={37},
  number={12},
  pages={1887--1896},
  year={2009},
  publisher={Elsevier}
}

@article{aker2010,
  title={Information from markets near and far: Mobile phones and agricultural markets in {N}iger},
  author={Aker, Jenny C},
  journal={American Economic Journal: Applied Economics},
  volume={2},
  number={3},
  pages={46--59},
  year={2010},
  publisher={American Economic Association}
}

@article{Jensen2007,
  title={The digital provide: Information (technology), market performance, and welfare in the {S}outh {I}ndian fisheries sector},
  author={Jensen, Robert},
  journal={The quarterly journal of economics},
  pages={879--924},
  year={2007},
  publisher={JSTOR}
}

@article{cole2012,
  title={The value of advice: evidence from mobile phone-based agricultural extension},
  author={Cole, Shawn and Fernando, Asanga Nilesh},
  year={2012}
}

@TechReport{WBfinancialinclusion, 
title={Measuring Financial Inclusion: The global Findex database}, 
author={Demirguc-Kunt, Asli and Klapper, Leora}, 
year={2012}, 
institution={World Bank}, 
Type ={Policy research working paper}
}

@article{aker2011,
  title={Zap It to Me: The Short-Term Impacts of a Mobile Cash Transfer Program},
  author={Aker, Jenny C and Boumnijel, Rachid and McClelland, Amanda and Tierney, Niall},
  journal={Center for Global Development working paper},
  volume={268},
  year={2011}
}

@article{rosenzweig1988,
  title={Risk, implicit contracts and the family in rural areas of low-income countries},
  author={Rosenzweig, Mark R},
  journal={The Economic Journal},
  pages={1148--1170},
  year={1988},
  publisher={JSTOR}
}
@article{townsend1994,
  title={Risk and insurance in village {I}ndia},
  author={Townsend, Robert M},
  journal={Econometrica: Journal of the Econometric Society},
  pages={539--591},
  year={1994},
  publisher={JSTOR}
}

@article{derconkrishnan1996,
  title={Income portfolios in rural {E}thiopia and {T}anzania: choices and constraints},
  author={Dercon, Stefan and Krishnan, Pramila},
  journal={The Journal of Development Studies},
  volume={32},
  number={6},
  pages={850--875},
  year={1996},
  publisher={Taylor \& Francis}
}

@book{bardhanudry1999,
  title={Development microeconomics},
  author={Bardhan, Pranab and Udry, Christopher},
  year={1999},
  publisher={Oxford University Press}
}

@article{udry1994,
  title={Risk and insurance in a rural credit market: An empirical investigation in northern {N}igeria},
  author={Udry, Christopher},
  journal={The Review of Economic Studies},
  volume={61},
  number={3},
  pages={495--526},
  year={1994},
  publisher={Oxford University Press}
}
@article{rosenzweigwolpin1993,
  title={Credit market constraints, consumption smoothing, and the accumulation of durable production assets in low-income countries: Investments in bullocks in {I}ndia},
  author={Rosenzweig, Mark R and Wolpin, Kenneth I},
  journal={Journal of political economy},
  pages={223--244},
  year={1993},
  publisher={JSTOR}
}

@book{rosenzweigbinswager1992,
  title={Wealth, weather risk, and the composition and profitability of agricultural investments},
  author={Rosenzweig, Mark R and Binswanger, Hans P},
  volume={1055},
  year={1992},
  publisher={World Bank Publications}
}
@techreport{deaton1989,
  title={Saving and liquidity constraints},
  author={Deaton, Angus},
  year={1989},
  institution={National Bureau of Economic Research}
}

@article{derconkrishnan2000,
  title={In sickness and in health: Risk sharing within households in rural {E}thiopia},
  author={Dercon, Stefan and Krishnan, Pramila},
  journal={Journal of Political Economy},
  volume={108},
  number={4},
  pages={688--727},
  year={2000},
  publisher={JSTOR}
}

@article{morduch1995,
  title={Income smoothing and consumption smoothing},
  author={Morduch, Jonathan},
  journal={The journal of economic perspectives},
  pages={103--114},
  year={1995},
  publisher={JSTOR}
}

@article{dercon2002,
  title={Income risk, coping strategies, and safety nets},
  author={Dercon, Stefan},
  journal={The World Bank Research Observer},
  volume={17},
  number={2},
  pages={141--166},
  year={2002},
  publisher={World Bank}
}

@article{kaziangaudry2006,
  title={Consumption smoothing? Livestock, insurance and drought in rural {B}urkina {F}aso},
  author={Kazianga, Harounan and Udry, Christopher},
  journal={Journal of Development Economics},
  volume={79},
  number={2},
  pages={413--446},
  year={2006},
  publisher={Elsevier}
}

@article{chiappori2014,
  title={Heterogeneity and risk sharing in village economies},
  author={Chiappori, Pierre-Andr{\'e} and Samphantharak, Krislert and Schulhofer-Wohl, Sam and Townsend, Robert M},
  journal={Quantitative Economics},
  volume={5},
  number={1},
  pages={1--27},
  year={2014},
  publisher={Wiley Online Library}
}

@article{yangchoi2007,
  title={Are remittances insurance? Evidence from rainfall shocks in the {P}hilippines},
  author={Yang, Dean and Choi, HwaJung},
  journal={The World Bank Economic Review},
  volume={21},
  number={2},
  pages={219--248},
  year={2007},
  publisher={World Bank}
}

@article{fafchampslund2003,
  title={Risk-sharing networks in rural {P}hilippines},
  author={Fafchamps, Marcel and Lund, Susan},
  journal={Journal of development Economics},
  volume={71},
  number={2},
  pages={261--287},
  year={2003},
  publisher={Elsevier}
}

@article{fafchampsgubert2007,
  title={The formation of risk sharing networks},
  author={Fafchamps, Marcel and Gubert, Flore},
  journal={Journal of Development Economics},
  volume={83},
  number={2},
  pages={326--350},
  year={2007},
  publisher={Elsevier}
}

@article{deweerdtdercon2006,
  title={Risk-sharing networks and insurance against illness},
  author={De Weerdt, Joachim and Dercon, Stefan},
  journal={Journal of Development Economics},
  volume={81},
  number={2},
  pages={337--356},
  year={2006},
  publisher={Elsevier}
}

@techreport{gertlergruber1997,
  title={Insuring consumption against illness},
  author={Gertler, Paul and Gruber, Jonathan},
  year={1997},
  institution={National Bureau of Economic Research}
}

@article{yang2008,
  title={International Migration, Remittances and Household Investment: Evidence from {P}hilippine Migrantsâ€™ Exchange Rate Shocks},
  author={Yang, Dean},
  journal={The Economic Journal},
  volume={118},
  number={528},
  pages={591--630},
  year={2008},
  publisher={Wiley Online Library}

}

@techreport{dupas2009,
  title={Savings constraints and microenterprise development: Evidence from a field experiment in {K}enya},
  author={Dupas, Pascaline and Robinson, Jonathan},
  year={2009},
  institution={National Bureau of Economic Research}
}

@techreport{FITS2012, 
title={Tanzania mobile money financial inclusion survey}, 
author={InterMedia},
year={2012},
}

@techreport{FSD2013, 
title={{Finscope Tanzania 2013 survey}}, 
author={Finscope}, 
year={2013},
}


@TechReport{mobarakrosenzweig2012,
  title={{Selling formal insurance to the informally insured}},
  author={Mobarak, Ahmed Mushfiq and Rosenzweig, Mark R},
  year={2012},
  institution={Yale Economics Department Working Paper}

}

@techreport{karlanudry2012,
  title={{Agricultural decisions after relaxing credit and risk constraints}},
  author={Karlan, Dean and Osei, Robert Darko and Osei-Akoto, Isaac and Udry, Christopher},
  year={2012},
  institution={National Bureau of Economic Research}
}

@techreport{ashraf2011,
  title={Remittances and the problem of control: A field experiment among migrants from {E}l {S}alvador},
  author={Ashraf, Nava and Aycinena, Diego and Martinez, Claudia and Yang, Dean and others},
  year={2011},
  institution={Working Paper}
}

@article{ashraf2010,
  title={Female empowerment: Impact of a commitment savings product in the {P}hilippines},
  author={Ashraf, Nava and Karlan, Dean and Yin, Wesley},
  journal={World development},
  volume={38},
  number={3},
  pages={333--344},
  year={2010},
  publisher={Elsevier}
}



@techreport{schaner2011cost,
  title={The Cost of Convenience? Transaction Costs, Bargaining Power, and Savings Account Use in {K}enya},
  author={Schaner, Simone G},
  year={2011},
  institution={Mimeo}
}

@article{attanasio2014efficient,
  title={Efficient responses to targeted cash transfers},
  author={Attanasio, Orazio P and Lechene, Valerie},
  journal={Journal of Political Economy},
  volume={122},
  number={1},
  pages={178--222},
  year={2014},
  publisher={JSTOR}
}

@article{jensen2000,
  title={Agricultural volatility and investments in children},
  author={Jensen, Robert},
  journal={American Economic Review},
  pages={399--404},
  year={2000},
  publisher={JSTOR}
}

@article{mace1991full,
  title={Full insurance in the presence of aggregate uncertainty},
  author={Mace, Barbara J},
  journal={Journal of Political Economy},
  pages={928--956},
  year={1991},
  publisher={JSTOR}
}

@article{paxson1992using,
  title={Using weather variability to estimate the response of savings to transitory income in {T}hailand},
  author={Paxson, Christina H},
  journal={The American Economic Review},
  pages={15--33},
  year={1992},
  publisher={JSTOR}
}

@article{filmer2001estimating,
  title={Estimating wealth effects without expenditure dataâ€”or tears: An application to educational enrollments in states of {I}ndia*},
  author={Filmer, Deon and Pritchett, Lant H},
  journal={Demography},
  volume={38},
  number={1},
  pages={115--132},
  year={2001},
  publisher={Springer}
}

@techreport{maccini2008under,
  title={Under the weather: Health, schooling, and economic consequences of early-life rainfall},
  author={Maccini, Sharon L and Yang, Dean},
  year={2008},
  institution={National Bureau of Economic Research}
}

@article{ravallion1997risk,
  title={Risk and insurance in village {I}ndia: Comment},
  author={Ravallion, Martin and Chaudhuri, Shubham},
  journal={Econometrica: Journal of the Econometric Society},
  pages={171--184},
  year={1997},
  publisher={JSTOR}
}

@article{fafchamps2008risk,
  title={Risk sharing between households},
  author={Fafchamps, Marcel},
  journal={Handbook of social Economics},
  volume={1},
  year={2008}
}

@article{cox2007extended,
  title={Extended family and kinship networks: economic insights and evolutionary directions},
  author={Cox, Donald and Fafchamps, Marcel},
  journal={Handbook of development economics},
  volume={4},
  pages={3711--3784},
  year={2007},
  publisher={Elsevier}
}

@article{rosenbaum1983,
  title={The central role of the propensity score in observational studies for causal effects},
  author={Rosenbaum, Paul R and Rubin, Donald B},
  journal={Biometrika},
  volume={70},
  number={1},
  pages={41--55},
  year={1983},
  publisher={Biometrika Trust}
}

@article{fafchamps1999,
  title={Risk sharing and quasi-credit},
  author={Fafchamps, Marcle},
  journal={Journal of International Trade \& Economic Development},
  volume={8},
  number={3},
  pages={257--278},
  year={1999},
  publisher={Taylor \& Francis}
}

@article{coate1993,
  title={Reciprocity without commitment: Characterization and performance of informal insurance arrangements},
  author={Coate, Stephen and Ravallion, Martin},
  journal={Journal of development Economics},
  volume={40},
  number={1},
  year={1993},
  publisher={Elsevier}
}
@article{stata2011,
  title={Stata Survey Data Reference Manual, Release 12},
  author={Stata, Press},
  journal={College Station, TX: StataCorp LP},
  year={2011}
}

@article{rubin2001,
  title={Using propensity scores to help design observational studies: application to the tobacco litigation},
  author={Rubin, Donald B},
  journal={Health Services and Outcomes Research Methodology},
  volume={2},
  number={3-4},
  pages={169--188},
  year={2001},
  publisher={Springer}
}

@article{blumenstock2014evidence,
  title={EVIDENCE IN THE AFTERMATH OF NATURAL DISASTERS},
  author={Blumenstock, Joshua and Eagle, Nathan and Fafchamps, Marcel},
  year={2014}
}